@article{cheviron_genomic_2012,
   title = {Genomic insights into adaptation to high-altitude environments},
   volume = {108},
   issn = {1365-2540},
   number = {4},
   journal = {Heredity},
   author = {Cheviron, ZA and Brumfield, RT},
   year = {2012},
   doi = {10.1038/hdy.2011.85},
   note = {Publisher: Nature Publishing Group},
   pages = {354--361},
}
@article{manel_perspectives_2010,
	title = {Perspectives on the use of landscape genetics to detect genetic adaptive variation in the field},
	volume = {19},
	issn = {0962-1083},
	number = {17},
	journal = {Molecular Ecology},
	author = {Manel, Stéphanie and Joost, Stéphane and Epperson, Bryan K and Holderegger, Rolf and Storfer, Andrew and Rosenberg, Michael S and Scribner, Kim T and Bonin, Aurélie and FORTIN, MARIE‐JOSÉE},
	year = {2010},
	doi = {10.1111/j.1365-294X.2010.04717.x},
	note = {Publisher: Wiley Online Library},
	pages = {3760--3772},
}
@article{rex_global_2006,
	title = {Global bathymetric patterns of standing stock and body size in the deep-sea benthos},
	volume = {317},
	issn = {0171-8630, 1616-1599},
	url = {https://www.int-res.com/abstracts/meps/v317/p1-8/},
	doi = {10.3354/meps317001},
	language = {en},
	urldate = {2024-04-22},
	journal = {Marine Ecology Progress Series},
	author = {Rex, Michael A. and Etter, Ron J. and Morris, Jeremy S. and Crouse, Jenifer and McClain, Craig R. and Johnson, Nicholas A. and Stuart, Carol T. and Deming, Jody W. and Thies, Rebecca and Avery, Renee},
	year = {2006},
	pages = {1--8},
}
@article{balkenhol_landscape_2019,
	title = {Landscape genomics: understanding relationships between environmental heterogeneity and genomic characteristics of populations},
	issn = {3030045870},
	journal = {Population genomics: Concepts, approaches and applications},
	author = {Balkenhol, Niko and Dudaniec, Rachael Y and Krutovsky, Konstantin V and Johnson, Jeremy S and Cairns, David M and Segelbacher, Gernot and Selkoe, Kimberly A and von der Heyden, Sophie and Wang, Ian J and Selmoni, Oliver},
	year = {2019},
	doi = {10.1007/13836_2017_2},
	note = {Publisher: Springer},
	pages = {261--322},
}
