@article{Powell2016Does,
  author = {Powell, Kendall},
  journal = {Nature},
  number = {7589},
  year = {2016},
  month = {2},
  pages = {148--151},
  title = {Does it take too long to publish research?},
  volume = {530},
  doi = {10.1038/530148a},
  issn = {0028-0836},
  url = {http://dx.doi.org/10.1038/530148a},
}

@article{elife-era,
  title={Welcome to a new ERA of reproducible publishing},
  author={Tsang, Emmy and Maciocci, Giuliano},
  journal={ELife},
  url={https://elifesciences.org/labs/dc5acbde/welcome-to-a-new-era-of-reproducible-publishing},
  year={2020}
}

@inproceedings{jupyter,
  abstract  = {It is increasingly necessary for researchers in all fields to write computer code, and in order to reproduce research results, it is important that this code is published. We present Jupyter notebooks, a document format for publishing code, results and explanations in a form that is both readable and executable. We discuss various tools and use cases for notebook documents.},
  author    = {Kluyver, Thomas and Ragan-Kelley, Benjamin and Pérez, Fernando and Granger, Brian and Bussonnier, Matthias and Frederic, Jonathan and Kelley, Kyle and Hamrick, Jessica and Grout, Jason and Corlay, Sylvain and Ivanov, Paul and Avila, Damián and Abdalla, Safia and Willing, Carol and {Jupyter development team}},
  editor    = {Loizides, Fernando and Scmidt, Birgit},
  location  = {Netherlands},
  publisher = {IOS Press},
  url       = {https://eprints.soton.ac.uk/403913/},
  booktitle = {Positioning and Power in Academic Publishing: Players, Agents and Agendas},
  year      = {2016},
  pages     = {87--90},
  title     = {Jupyter Notebooks - a publishing format for reproducible computational workflows},
}
