@book{hey2009fourth,
  title={The fourth paradigm: data-intensive scientific discovery},
  author={Hey, Tony and Tansley, Stewart and Tolle, Kristin Michele and others},
  volume={1},
  year={2009},
  publisher={Microsoft research Redmond, WA}
}

@article{bojarski2016end,
  title={End to end learning for self-driving cars},
  author={Bojarski, Mariusz and Del Testa, Davide and Dworakowski, Daniel and Firner, Bernhard and Flepp, Beat and Goyal, Prasoon and Jackel, Lawrence D and Monfort, Mathew and Muller, Urs and Zhang, Jiakai and others},
  journal={arXiv preprint arXiv:1604.07316},
  year={2016}
}

@article{ravi2016deep,
  title={Deep learning for health informatics},
  author={Rav{\`\i}, Daniele and Wong, Charence and Deligianni, Fani and Berthelot, Melissa and Andreu-Perez, Javier and Lo, Benny and Yang, Guang-Zhong},
  journal={IEEE journal of biomedical and health informatics},
  volume={21},
  number={1},
  pages={4--21},
  year={2016},
  publisher={IEEE}
}

@article{yang2024swe,
  title={SWE-agent: Agent-Computer Interfaces Enable Automated Software Engineering},
  author={Yang, John and Jimenez, Carlos E and Wettig, Alexander and Lieret, Kilian and Yao, Shunyu and Narasimhan, Karthik and Press, Ofir},
  journal={arXiv preprint arXiv:2405.15793},
  year={2024}
}

@article{abramson2024accurate,
  title={Accurate structure prediction of biomolecular interactions with AlphaFold 3},
  author={Abramson, Josh and Adler, Jonas and Dunger, Jack and Evans, Richard and Green, Tim and Pritzel, Alexander and Ronneberger, Olaf and Willmore, Lindsay and Ballard, Andrew J and Bambrick, Joshua and others},
  journal={Nature},
  pages={1--3},
  year={2024},
  publisher={Nature Publishing Group UK London}
}

@article{sandve2013ten,
  title={Ten simple rules for reproducible computational research},
  author={Sandve, Geir Kjetil and Nekrutenko, Anton and Taylor, James and Hovig, Eivind},
  journal={PLoS computational biology},
  volume={9},
  number={10},
  pages={e1003285},
  year={2013},
  publisher={Public Library of Science San Francisco, USA}
}

@inproceedings{davidson2008provenance,
  title={Provenance and scientific workflows: challenges and opportunities},
  author={Davidson, Susan B and Freire, Juliana},
  booktitle={Proceedings of the 2008 ACM SIGMOD international conference on Management of data},
  pages={1345--1350},
  year={2008}
}

@article{wilkinson2016fair,
  title={The FAIR Guiding Principles for scientific data management and stewardship},
  author={Wilkinson, Mark D and Dumontier, Michel and Aalbersberg, IJsbrand Jan and Appleton, Gabrielle and Axton, Myles and Baak, Arie and Blomberg, Niklas and Boiten, Jan-Willem and da Silva Santos, Luiz Bonino and Bourne, Philip E and others},
  journal={Scientific data},
  volume={3},
  number={1},
  pages={1--9},
  year={2016},
  publisher={Nature Publishing Group}
}

@article{ivie2018reproducibility,
  title={Reproducibility in scientific computing},
  author={Ivie, Peter and Thain, Douglas},
  journal={ACM Computing Surveys (CSUR)},
  volume={51},
  number={3},
  pages={1--36},
  year={2018},
  publisher={ACM New York, NY, USA}
}

@article{wickham2014tidy,
  title={Tidy data},
  author={Wickham, Hadley},
  journal={Journal of statistical software},
  volume={59},
  pages={1--23},
  year={2014}
}

@inproceedings{Brooks1987NoSB,
  title={No Silver Bullet: Essence and Accidents of Software Engineering},
  author={Frederick P. Brooks},
  year={1987},
  url={https://api.semanticscholar.org/CorpusID:372277}
}

@article{norvig1991techniques,
  title={Techniques for automatic memoization with applications to context-free parsing},
  author={Norvig, Peter},
  journal={Computational Linguistics},
  volume={17},
  number={1},
  pages={91--98},
  year={1991}
}

@inproceedings{guo2011using,
  title={Using automatic persistent memoization to facilitate data analysis scripting},
  author={Guo, Philip J and Engler, Dawson},
  booktitle={Proceedings of the 2011 International Symposium on Software Testing and Analysis},
  pages={287--297},
  year={2011}
}

@article{patterson2022categorical,
  title={Categorical data structures for technical computing},
  author={Patterson, Evan and Lynch, Owen and Fairbanks, James},
  journal={Compositionality},
  volume={4},
  year={2022},
  publisher={Episciences. org}
}

@misc{makelov2023practical,
  author       = {Aleksandar Makelov},
  title        = {Practical dependency tracking for Python function calls},
  howpublished = {\url{https://amakelov.github.io/blog/deps/}},
  year         = {2023},
  note         = {Accessed: Jun 2024}
}

@manual{git,
  title        = {Git},
  author       = {Linus Torvalds and others},
  year         = {2005},
  note         = {Version control system},
  url          = {https://git-scm.com/}
}

@article{lavigne2021funsies,
  title={funsies: A minimalist, distributed and dynamic workflow engine},
  author={Lavigne, Cyrille and Aspuru-Guzik, Al{\'a}n},
  journal={Journal of Open Source Software},
  volume={6},
  number={66},
  pages={3274},
  year={2021}
}

@article{maymounkov2018koji,
  title={Koji: Automating pipelines with mixed-semantics data sources},
  author={Maymounkov, Petar},
  journal={arXiv preprint arXiv:1901.01908},
  year={2018}
}

@misc{semver,
  author       = {Tom Preston-Werner},
  title        = {Semantic Versioning 2.0.0},
  year         = {2013},
  howpublished = {\url{https://semver.org/}},
  note         = {Accessed: 2024-06-08}
}

@misc{lozano2017unison,
  title={The Unison manual},
  author={Lozano, Roberto Casta{\~n}eda},
  year={2017}
}
