
@book{Medwin1998,
	title = {Fundamentals of acoustical oceanography},
	isbn = {978-0-08-053216-5},
	urldate = {2020-03-22},
	publisher = {Academic Press},
	author = {Medwin, Herman and Clay, Clarence S. (Clarence Samuel)},
	year = {1998},
}
