@article{aarbakke2011discovery,
  title={Discovery of Pseudocalanus moultoni in Northeast Atlantic waters based on mitochondrial COI sequence variation},
  author={Aarbakke, Ole Nicolai Staurland and Bucklin, Ann and Halsband, Claudia and Norrbin, Fredrika},
  journal={Journal of Plankton Research},
  volume={33},
  number={10},
  pages={1487--1495},
  year={2011},
  publisher={Oxford University Press}
}

@article{brandt1995peracarid,
  title={Peracarid fauna (Crustacea, Malacostraca) of the Northeast Water Polynya off Greenland: documenting close benthic-pelagic coupling in the Westwind Trough},
  author={Brandt, Angelika},
  journal={Marine Ecology Progress Series},
  volume={121},
  pages={39--51},
  year={1995}
}

@article{brandt1997biodiversity,
  title={Biodiversity of peracarid crustaceans (Malacostraca) from the shelf downto the deep Arctic Ocean},
  author={Brandt, Angelika},
  journal={Biodiversity \& Conservation},
  volume={6},
  pages={1533--1556},
  year={1997},
  publisher={Springer}
}

@article{brandt1997biodiversity,
  title={Biodiversity of peracarid crustaceans (Malacostraca) from the shelf downto the deep Arctic Ocean},
  author={Brandt, Angelika},
  journal={Biodiversity \& Conservation},
  volume={6},
  pages={1533--1556},
  year={1997},
  publisher={Springer}
}

@article{brandt1996species,
  title={The species composition of the peracarid fauna (Crustacea, Malacostraca) of the Northeast Water Polynya (Greenland)},
  author={Brandt, Angelika and Vassilenko, Stella and Piepenburg, Dieter and Thurston, Michael},
  journal={Meddelelser om Gr{\o}nland. Bioscience},
  volume={44},
  pages={30--pp},
  year={1996}
}

@article{brix2014iceage,
  title={The IceAGE project--a follow up of BIOICE},
  author={Brix, Saskia and Meissner, Karin and Stansky, B and Halanych, Kenneth M and Jennings, Robert M and Kocot, Kevin M and Svavarsson, Joeundur},
  journal={Polish Polar Research},
  volume={35},
  number={2},
  year={2014},
  publisher={-}
}

@article{brix2010distribution,
  title={Distribution and diversity of desmosomatid and nannoniscid isopods (Crustacea) on the Greenland--Iceland--Faeroe Ridge},
  author={Brix, Saskia and Svavarsson, J{\"o}rundur},
  journal={Polar Biology},
  volume={33},
  pages={515--530},
  year={2010},
  publisher={Springer}
}

@article{costello2017marine,
  title={Marine biodiversity, biogeography, deep-sea gradients, and conservation},
  author={Costello, Mark J and Chaudhary, Chhaya},
  journal={Current Biology},
  volume={27},
  number={11},
  pages={R511--R527},
  year={2017},
  publisher={Elsevier}
}

@article{dauvin1996suprabenthic,
  title={Suprabenthic crustacean fauna of a dense Ampelisca community from the English Channel},
  author={Dauvin, Jean-Claude and Zouhiri, Souaad},
  journal={Journal of the Marine Biological Association of the United Kingdom},
  volume={76},
  number={4},
  pages={909--929},
  year={1996},
  publisher={Cambridge University Press}
}

@article{etter2011phylogeography,
  title={Phylogeography of a pan-Atlantic abyssal protobranch bivalve: implications for evolution in the deep Atlantic},
  author={Etter, Ron J and Boyle, Elizabeth E and Glazier, Amanda and Jennings, Robert M and Dutra, Ediane and Chase, Mike R},
  journal={Molecular Ecology},
  volume={20},
  number={4},
  pages={829--843},
  year={2011},
  publisher={Wiley Online Library}
}

@article{gage2004diversity,
  title={Diversity in deep-sea benthic macrofauna: the importance of local ecology, the larger scale, history and the Antarctic},
  author={Gage, John D},
  journal={Deep Sea Research Part II: Topical Studies in Oceanography},
  volume={51},
  number={14-16},
  pages={1689--1708},
  year={2004},
  publisher={Elsevier}
}

@article{gerken1999cumacea,
  title={Cumacea (Crustacea) of the Faroe Island Region: Cumacea (Crustacea) {\'\i} f{\o}royskum {\o}ki},
  author={Gerken, Sarah and Watling, Les},
  journal={Fr{\'o}{\dh}skaparrit-Faroese Scientific Journal},
  pages={199--227},
  year={1999}
}

@article{halfar2007danger,
  title={Danger of deep-sea mining},
  author={Halfar, Jochen and Fujita, Rodney M},
  journal={Science},
  volume={316},
  number={5827},
  pages={987--987},
  year={2007},
  publisher={American Association for the Advancement of Science}
}

@article{hansen2000north,
  title={North atlantic--nordic seas exchanges},
  author={Hansen, Bogi and {\O}sterhus, Svein},
  journal={Progress in oceanography},
  volume={45},
  number={2},
  pages={109--208},
  year={2000},
  publisher={Elsevier}
}

@book{hansen1916crustacea,
  title={Crustacea malacostraca},
  author={Hansen, Hans Jacob},
  year={1916},
  publisher={Bianco Luno}
}

@article{havermans2013genetic,
  title={Genetic and morphological divergences in the cosmopolitan deep-sea amphipod Eurythenes gryllus reveal a diverse abyss and a bipolar species},
  author={Havermans, Charlotte and Sonet, Gontran and d’Udekem d’Acoz, C{\'e}dric and Nagy, Zolt{\'a}n T and Martin, Patrick and Brix, Saskia and Riehl, Torben and Agrawal, Shobhit and Held, Christoph},
  journal={PLoS One},
  volume={8},
  number={9},
  pages={e74218},
  year={2013},
  publisher={Public Library of Science San Francisco, USA}
}

@article{hessler1989behavior,
  title={Behavior of janiroidean isopods (Asellota), with special reference to deep-sea genera},
  author={Hessler, Robert R and Str{\"o}mberg, Jarl-Ove},
  journal={Sarsia},
  volume={74},
  number={3},
  pages={145--159},
  year={1989},
  publisher={Taylor \& Francis}
}

@article{ilves2010colonization,
  title={Colonization and/or mitochondrial selective sweeps across the North Atlantic intertidal assemblage revealed by multi-taxa approximate Bayesian computation},
  author={Ilves, Katriina L and Huang, WEN and Wares, John P and Hickerson, Michael J},
  journal={Molecular ecology},
  volume={19},
  number={20},
  pages={4505--4519},
  year={2010},
  publisher={Wiley Online Library}
}

@article{jennings2014phylogeographic,
  title={Phylogeographic estimates of colonization of the deep Atlantic by the protobranch bivalve Nucula atacellana},
  author={Jennings, Robert M and Etter, Ron J},
  journal={Polish Polar Research},
  number={2},
  pages={261--278},
  year={2014},
  publisher={Polska Akademia Nauk. Czytelnia Czasopism PAN}
}

@inproceedings{johannessen1994relationship,
  title={The relationship between surface water masses, oceanographic fronts and paleoclimatic proxies in surface sediments of the Greenland, Iceland, Norwegian Seas},
  author={Johannessen, Truls and Jansen, Eystein and Flat{\o}y, Astrid and Ravelo, Ana Christina},
  booktitle={Carbon Cycling in the Glacial Ocean: Constraints on the Ocean’s Role in Global Change: Quantitative Approaches in Paleoceanography},
  pages={61--85},
  year={1994},
  organization={Springer}
}

@book{just1980amphipoda,
  title={Amphipoda (Crustacea) of the Thule area, northwest Greenland: faunistics and taxonomy},
  author={Just, Jean},
  volume={2},
  year={1980},
  publisher={Museum Tusculanum Press}
}

@article{keeling2010ocean,
  title={Ocean deoxygenation in a warming world},
  author={Keeling, Ralph F and K{\"o}rtzinger, Arne and Gruber, Nicolas},
  journal={Annual review of marine science},
  volume={2},
  pages={199--229},
  year={2010},
  publisher={Annual Reviews}
}

@article{lambshead2000latitudinal,
  title={Latitudinal diversity gradients in the deep sea with special reference to North Atlantic nematodes},
  author={Lambshead, PJD and Tietjen, John and Ferrero, Timothy and Jensen+, Preben},
  journal={Marine Ecology Progress Series},
  volume={194},
  pages={159--167},
  year={2000}
}

@article{lohmann1998sea,
  title={Sea ice effects on the sensitivity of the thermohaline circulation},
  author={Lohmann, Gerrit and Gerdes, R{\"u}diger},
  journal={Journal of Climate},
  volume={11},
  number={11},
  pages={2789--2803},
  year={1998},
  publisher={JSTOR}
}

@article{hieronymi2018ocean,
  title={Ocean colour remote sensing: measurements of water-leaving reflectance and water constituents},
  author={Hieronymi, Martin and Gege, Peter and K{\"o}nig, Marcel and Macke, Andreas and Oppelt, Natascha and Ruhtz, Thomas},
  journal={The Expeditions PS106/1 and 2 of the Research Vessel POLARSTERN to the Arctic Ocean in 2017},
  volume={719},
  pages={39--44},
  year={2018},
  publisher={Alfred-Wegener-Institut}
}

@article{maggs2008evaluating,
  title={Evaluating signatures of glacial refugia for North Atlantic benthic marine taxa},
  author={Maggs, Christine A and Castilho, Rita and Foltz, David and Henzler, Christy and Jolly, Marc Taimour and Kelly, John and Olsen, Jeanine and Perez, Kathryn E and Stam, Wytze and V{\"a}in{\"o}l{\"a}, Risto and others},
  journal={Ecology},
  volume={89},
  number={sp11},
  pages={S108--S122},
  year={2008},
  publisher={Wiley Online Library}
}

@article{malmberg2003hydrographic,
  title={Hydrographic conditions in Icelandic waters, 1990-1999},
  author={Malmberg, Svend-Aage and Valdimarsson, Hedinn},
  year={2003},
  publisher={ICES MSS Vol. 219-Hydrobiological variability in the ICES Area, 1990-1999}
}

@article{meehl2007global,
  title={Global climate projections. Chapter 10},
  author={Meehl, Gerald A and Stocker, Thomas F and Collins, William D and Friedlingstein, Pierre and Gaye, Amadou T and Gregory, Jonathan M and Kitoh, Akio and Knutti, Reto and Murphy, James M and Noda, Akira and others},
  year={2007}
}

@article{meissner2014benthic,
  title={Benthic habitats around Iceland investigated during the IceAGE expeditions},
  author={MEI{\ss}NER, Karin and Brenke, Nils and Svavarsson, J{\"o}rundur},
  journal={Polish Polar Research},
  pages={177--202},
  year={2014},
  publisher={Polish Academy of Sciences}
}

@misc{meissner2018preface,
  title={Preface—biodiversity of Icelandic waters},
  author={Mei{\ss}ner, Karin and Brix, Saskia and Halanych, Kenneth M and Ja{\.z}d{\.z}ewska, Anna M},
  journal={Marine Biodiversity},
  volume={48},
  pages={715--718},
  year={2018},
  publisher={Springer}
}

@article{mengerink2014call,
  title={A call for deep-ocean stewardship},
  author={Mengerink, Kathryn J and Van Dover, Cindy L and Ardron, Jeff and Baker, Maria and Escobar-Briones, Elva and Gjerde, Kristina and Koslow, J Anthony and Ramirez-Llodra, Eva and Lara-Lopez, Ana and Squires, Dale and others},
  journal={Science},
  volume={344},
  number={6185},
  pages={696--698},
  year={2014},
  publisher={American Association for the Advancement of Science}
}

@article{nath2000environment,
  title={Environment and deep-sea mining: A perspective},
  author={Nath, B Nagender and Sharma, R},
  journal={Marine georesources \& geotechnology},
  volume={18},
  number={3},
  pages={285--294},
  year={2000},
  publisher={Taylor \& Francis}
}

@article{norrevang1994list,
  title={List of BIOFAR stations},
  author={N{\o}rrevang, Arne and Brattegard, Torleiv and Josefson, Alf B and Sneli, Jon-Arne and Tendal, Ole S},
  journal={Sarsia},
  volume={79},
  number={3},
  pages={165--180},
  year={1994},
  publisher={Taylor \& Francis}
}

@article{omarsdottir2013biodiversity,
  title={Biodiversity of benthic invertebrates and bioprospecting in Icelandic waters},
  author={Omarsdottir, Sesselja and Einarsdottir, Eydis and {\"O}gmundsdottir, Helga M and Freysdottir, Jona and Olafsdottir, Elin Soffia and Molinski, Tadeusz F and Svavarsson, J{\"o}rundur},
  journal={Phytochemistry Reviews},
  volume={12},
  pages={517--529},
  year={2013},
  publisher={Springer}
}

@article{ostmann2014marine,
  title={Marine environment around Iceland: hydrography, sediments and first predictive models of Icelandic deep-sea sediment characteristics},
  author={Ostmann, Alexandra and Schnurr, Sarah and Arbizu, Pedro Mart{\'\i}nez},
  journal={Polish Polar Research},
  pages={151--176},
  year={2014},
  publisher={Polish Academy of Sciences}
}

@article{rex1981community,
  title={Community structure in the deep-sea benthos},
  author={Rex, Michael A},
  journal={Annual Review of Ecology and Systematics},
  volume={12},
  number={1},
  pages={331--353},
  year={1981},
  publisher={Annual Reviews 4139 El Camino Way, PO Box 10139, Palo Alto, CA 94303-0139, USA}
}

@article{rex2006global,
  title={Global bathymetric patterns of standing stock and body size in the deep-sea benthos},
  author={Rex, Michael A and Etter, Ron J and Morris, Jeremy S and Crouse, Jenifer and McClain, Craig R and Johnson, Nicholas A and Stuart, Carol T and Deming, Jody W and Thies, Rebecca and Avery, Renee},
  journal={Marine Ecology Progress Series},
  volume={317},
  pages={1--8},
  year={2006}
}

@article{rex1993global,
  title={Global-scale latitudinal patterns of species diversity in the deep-sea benthos},
  author={Rex, Michael A and Stuart, Carol T and Hessler, Robert R and Allen, John A and Sanders, Howard L and Wilson, George DF},
  journal={Nature},
  volume={365},
  number={6447},
  pages={636--639},
  year={1993},
  publisher={Nature Publishing Group UK London}
}

@article{riehl2014field,
  title={Field and laboratory methods for DNA studies on deep-sea isopod crustaceans},
  author={Riehl, Torben and Brenke, Nils and Brix, Saskia and Driskell, Amy and Kaiser, Stefanie and Brandt, Angelika},
  journal={Polish Polar Research},
  pages={203--224},
  year={2014},
  publisher={Polish Academy of Sciences}
}

@book{roberts2009cold,
  title={Cold-water corals: the biology and geology of deep-sea coral habitats},
  author={Roberts, J Murray},
  year={2009},
  publisher={Cambridge University Press}
}

@article{saeedi2022environmental,
  title={The environmental drivers of benthic fauna diversity and community composition},
  author={Saeedi, Hanieh and Warren, Dan and Brandt, Angelika},
  journal={Frontiers in Marine Science},
  volume={9},
  year={2022},
  publisher={Frontiers Media SA}
}

@article{schnurr2014composition,
  title={Composition and distribution of selected munnopsid genera (Crustacea, Isopoda, Asellota) in Icelandic waters},
  author={Schnurr, Sarah and Brandt, Angelika and Brix, Saskia and Fiorentino, Dario and Malyutina, Marina and Svavarsson, J{\"o}rundur},
  journal={Deep Sea Research Part I: Oceanographic Research Papers},
  volume={84},
  pages={142--155},
  year={2014},
  publisher={Elsevier}
}

@article{stransky2010diversity,
  title={Diversity and species composition of peracarids (Crustacea: Malacostraca) on the South Greenland shelf: spatial and temporal variation},
  author={Stransky, Bente and Svavarsson, J{\"o}rundur},
  journal={Polar Biology},
  volume={33},
  pages={125--139},
  year={2010},
  publisher={Springer}
}

@article{svavarsson1990distribution,
  title={Distribution and diversity patterns of asellote isopods (Crustacea) in the deep Norwegian and Greenland Seas},
  author={Svavarsson, J{\"o}rundur and Brattegard, Torleiv and Str{\"o}mberg, Jarl-Ove},
  journal={Progress in Oceanography},
  volume={24},
  number={1-4},
  pages={297--310},
  year={1990},
  publisher={Elsevier}
}

@article{svavarsson1993deep,
  title={The deep-sea asellote (Isopoda, Crustacea) fauna of the Northern Seas: species composition, distributional patterns and origin},
  author={Svavarsson, Jorundur and Stromberg, Jarl-Ove and Brattegard, Torleiv},
  journal={Journal of Biogeography},
  pages={537--555},
  year={1993},
  publisher={JSTOR}
}

@article{uhlir2021adding,
  title={Adding pieces to the puzzle: insights into diversity and distribution patterns of deep North Atlantic to the Arctic Ocean},
  author={Uhlir, Carolin and Schwentner, Martin and Meland, Kenneth and Kongsrud, Jon Anders and Glenner, Henrik and Brandt, Angelika and Thiel, Ralf and Svavarsson, Joerundur and Loerz, Anne-Nina and Brix, Saskia},
  journal={PEERJ},
  volume={9},
  year={2021},
  publisher={PEERJ INC 341-345 OLD ST, THIRD FLR, LONDON, EC1V 9LL, ENGLAND}
}

@article{waga2020recent,
  title={Recent change in benthic macrofaunal community composition in relation to physical forcing in the Pacific Arctic},
  author={Waga, Hisatomo and Hirawake, Toru and Grebmeier, Jacqueline M},
  journal={Polar Biology},
  volume={43},
  number={4},
  pages={285--294},
  year={2020},
  publisher={Springer}
}

@article{wares2002community,
  title={Community genetics in the Northwestern Atlantic intertidal},
  author={Wares, JP},
  journal={Molecular ecology},
  volume={11},
  number={7},
  pages={1131--1144},
  year={2002},
  publisher={Wiley Online Library}
}

@article{watling2019world,
  title={World cumacea database},
  author={Watling, L and Gerken, S},
  journal={World Register of Marine Species. Cumacea. Accessed on},
  pages={02--03},
  year={2019}
}

@article{wilson1998historical,
  title={Historical influences on deep-sea isopod diversity in the Atlantic Ocean},
  author={Wilson, George DF},
  journal={Deep Sea Research Part II: Topical Studies in Oceanography},
  volume={45},
  number={1-3},
  pages={279--301},
  year={1998},
  publisher={Elsevier}
}

@article{wilson1987speciation,
  title={Speciation in the deep sea},
  author={Wilson, George DF and Hessler, Robert R},
  journal={Annual Review of Ecology and Systematics},
  volume={18},
  number={1},
  pages={185--207},
  year={1987},
  publisher={Annual Reviews 4139 El Camino Way, PO Box 10139, Palo Alto, CA 94303-0139, USA}
}

@article{winton1997effect,
  title={The effect of cold climate upon North Atlantic deep water formation in a simple ocean--atmosphere model},
  author={Winton, Michael},
  journal={Journal of Climate},
  volume={10},
  number={1},
  pages={37--51},
  year={1997}
}
