@book{hey2009fourth,
  title={The fourth paradigm: data-intensive scientific discovery},
  author={Hey, Tony and Tansley, Stewart and Tolle, Kristin Michele and others},
  volume={1},
  year={2009},
  publisher={Microsoft research Redmond, WA}
}