# Feel free to delete these first few references, which are specific to the template:

